<?xml version='1.0' encoding='UTF-8'?>
<Document
        xmlns:xsi="http://www.w3.org/2001/XMLSchema-instance"
        xmlns="urn:iso:std:iso:20022:tech:xsd:camt.053.001.02">
    <BkToCstmrStmt>
        <GrpHdr>
            <MsgId>CAMT05300000001</MsgId>
            <CreDtTm>2015-01-25T12:22:43+01:00</CreDtTm>
        </GrpHdr>
        <Stmt>
            <Id>CAMT0532015012200001</Id>
            <ElctrncSeqNb>315</ElctrncSeqNb>
            <CreDtTm>2015-01-22T00:00:00+01:00</CreDtTm>
            <Acct>
                <Id>
                    <Othr>
                        <Id>CH2801234000123456789</Id>
                    </Othr>
                </Id>
                <Ownr>
                    <Nm>FINPETROL</Nm>
                </Ownr>
                <Svcr>
                    <FinInstnId>
                        <Nm>AAAA BANKEN</Nm>
                        <PstlAdr>
                            <Ctry>SE</Ctry>
                        </PstlAdr>
                    </FinInstnId>
                </Svcr>
            </Acct>
            <Bal>
                <Tp>
                    <CdOrPrtry>
                        <Cd>OPBD</Cd>
                    </CdOrPrtry>
                </Tp>
                <Amt Ccy="EUR">1.01</Amt>
                <CdtDbtInd>CRDT</CdtDbtInd>
                <Dt>
                    <Dt>2015-01-21</Dt>
                </Dt>
            </Bal>
            <Bal>
                <Tp>
                    <CdOrPrtry>
                        <Cd>PRCD</Cd>
                    </CdOrPrtry>
                </Tp>
                <Amt Ccy="EUR">2.02</Amt>
                <CdtDbtInd>CRDT</CdtDbtInd>
                <Dt>
                    <Dt>2015-01-21</Dt>
                </Dt>
            </Bal>
            <Bal>
                <Tp>
                    <CdOrPrtry>
                        <Cd>OPAV</Cd>
                    </CdOrPrtry>
                </Tp>
                <Amt Ccy="EUR">3.03</Amt>
                <CdtDbtInd>CRDT</CdtDbtInd>
                <Dt>
                    <Dt>2015-01-22</Dt>
                </Dt>
            </Bal>
            <Bal>
                <Tp>
                    <CdOrPrtry>
                        <Cd>CLBD</Cd>
                    </CdOrPrtry>
                </Tp>
                <Amt Ccy="EUR">4.04</Amt>
                <CdtDbtInd>CRDT</CdtDbtInd>
                <Dt>
                    <Dt>2015-01-22</Dt>
                </Dt>
            </Bal>
            <Bal>
                <Tp>
                    <CdOrPrtry>
                        <Cd>CLAV</Cd>
                    </CdOrPrtry>
                </Tp>
                <Amt Ccy="EUR">5.05</Amt>
                <CdtDbtInd>CRDT</CdtDbtInd>
                <Dt>
                    <Dt>2015-01-23</Dt>
                </Dt>
            </Bal>
            <Bal>
                <Tp>
                    <CdOrPrtry>
                        <Cd>FWAV</Cd>
                    </CdOrPrtry>
                </Tp>
                <Amt Ccy="EUR">6.06</Amt>
                <CdtDbtInd>CRDT</CdtDbtInd>
                <Dt>
                    <Dt>2015-01-26</Dt>
                </Dt>
            </Bal>
            <Bal>
                <Tp>
                    <CdOrPrtry>
                        <Cd>INFO</Cd>
                    </CdOrPrtry>
                </Tp>
                <Amt Ccy="EUR">7.07</Amt>
                <CdtDbtInd>CRDT</CdtDbtInd>
                <Dt>
                    <Dt>2015-01-27</Dt>
                </Dt>
            </Bal>
            <Bal>
                <Tp>
                    <CdOrPrtry>
                        <Cd>ITAV</Cd>
                    </CdOrPrtry>
                </Tp>
                <Amt Ccy="EUR">8.08</Amt>
                <CdtDbtInd>CRDT</CdtDbtInd>
                <Dt>
                    <Dt>2015-01-28</Dt>
                </Dt>
            </Bal>
            <Bal>
                <Tp>
                    <CdOrPrtry>
                        <Cd>ITBD</Cd>
                    </CdOrPrtry>
                </Tp>
                <Amt Ccy="EUR">9.09</Amt>
                <CdtDbtInd>CRDT</CdtDbtInd>
                <Dt>
                    <Dt>2015-01-21</Dt>
                </Dt>
            </Bal>
            <Bal>
                <Tp>
                    <CdOrPrtry>
                        <Cd>XPCD</Cd>
                    </CdOrPrtry>
                </Tp>
                <Amt Ccy="EUR">10.10</Amt>
                <CdtDbtInd>CRDT</CdtDbtInd>
                <Dt>
                    <Dt>2015-01-21</Dt>
                </Dt>
            </Bal>
            <Ntry>
                <Amt Ccy="EUR">8.850</Amt>
                <CdtDbtInd>CRDT</CdtDbtInd>
                <RvslInd>false</RvslInd>
                <Sts>BOOK</Sts>
                <BookgDt>
                    <Dt>2014-12-31</Dt>
                </BookgDt>
                <ValDt>
                    <Dt>2015-01-02</Dt>
                </ValDt>
                <BkTxCd>
                    <Prtry>
                        <Cd>544</Cd>
                    </Prtry>
                </BkTxCd>
                <NtryDtls>
                    <TxDtls>
                        <Refs>
                            <EndToEndId>000000001</EndToEndId>
                        </Refs>
                        <BkTxCd>
                            <Prtry>
                                <Cd>544</Cd>
                            </Prtry>
                        </BkTxCd>
                        <RltdPties>
                            <Cdtr>
                                <Nm>Company Name</Nm>
                                <PstlAdr>
                                    <Ctry>NL</Ctry>
                                </PstlAdr>
                            </Cdtr>
                            <CdtrAcct>
                                <Id>
                                    <IBAN>NL56AGDH9619008421</IBAN>
                                </Id>
                            </CdtrAcct>
                        </RltdPties>
                        <RmtInf>
                            <Ustrd>Transaction Description</Ustrd>
                        </RmtInf>
                    </TxDtls>
                </NtryDtls>
            </Ntry>
            <AddtlStmtInf>Additional Information</AddtlStmtInf>
        </Stmt>
    </BkToCstmrStmt>
</Document>