<?xml version="1.0" encoding="UTF-8"?>
<Document xmlns="urn:iso:std:iso:20022:tech:xsd:camt.053.001.04" xmlns:xsi="http://www.w3.org/2001/XMLSchema-instance">
    <BkToCstmrStmt>
        <GrpHdr>
            <MsgId>CAMT053RIB000000000001</MsgId>
            <CreDtTm>2015-03-10T18:43:50+00:00</CreDtTm>
            <MsgPgntn>
                <PgNb>1</PgNb>
                <LastPgInd>true</LastPgInd>
            </MsgPgntn>
            <AddtlInf>Group header additional information</AddtlInf>
        </GrpHdr>
        <Stmt>
            <Id>253EURNL26VAYB8060476890</Id>
            <StmtPgntn>
                <PgNb>2</PgNb>
                <LastPgInd>true</LastPgInd>
            </StmtPgntn>
            <ElctrncSeqNb>12312</ElctrncSeqNb>
            <LglSeqNb>12312</LglSeqNb>
            <CreDtTm>2015-03-10T18:43:50+00:00</CreDtTm>
            <FrToDt>
                <FrDtTm>2007-10-18T08:00:00+01:00</FrDtTm>
                <ToDtTm>2007-10-18T12:30:00+01:00</ToDtTm>
            </FrToDt>
            <CpyDplctInd>CODU</CpyDplctInd>
            <Acct>
                <Id>
                    <Othr>
                        <Id>NL26VAYB8060476890</Id>
                    </Othr>
                </Id>
                <Ownr>
                    <Nm>FINPETROL</Nm>
                </Ownr>
                <Svcr>
                    <FinInstnId>
                        <Nm>AAAA BANKEN</Nm>
                        <PstlAdr>
                            <Ctry>SE</Ctry>
                        </PstlAdr>
                    </FinInstnId>
                </Svcr>
            </Acct>
            <Bal>
                <Tp>
                    <CdOrPrtry>
                        <Cd>OPBD</Cd>
                    </CdOrPrtry>
                </Tp>
                <Amt Ccy="EUR">18.15</Amt>
                <CdtDbtInd>CRDT</CdtDbtInd>
                <Dt>
                    <Dt>2014-12-30</Dt>
                </Dt>
            </Bal>
            <Bal>
                <Tp>
                    <CdOrPrtry>
                        <Cd>CLBD</Cd>
                    </CdOrPrtry>
                </Tp>
                <Amt Ccy="SEK">27.00</Amt>
                <CdtDbtInd>DBIT</CdtDbtInd>
                <Dt>
                    <Dt>2014-12-30</Dt>
                </Dt>
            </Bal>
            <Ntry>
                <Amt Ccy="EUR">8.85</Amt>
                <CdtDbtInd>CRDT</CdtDbtInd>
                <Sts>BOOK</Sts>
                <BookgDt>
                    <Dt>2014-12-31</Dt>
                </BookgDt>
                <ValDt>
                    <Dt>2015-01-02</Dt>
                </ValDt>
                <AcctSvcrRef>AAAASESS-FP-CN_98765/01</AcctSvcrRef>
                <BkTxCd>
                    <Domn>
                        <Cd>PAYM</Cd>
                        <Fmly>
                            <Cd>0001</Cd>
                            <SubFmlyCd>0005</SubFmlyCd>
                        </Fmly>
                    </Domn>
                </BkTxCd>
                <NtryDtls>
                    <TxDtls>
                        <Refs>
                            <Prtry>
                                <Tp>LegalSequenceNumber</Tp>
                                <Ref>100</Ref>
                            </Prtry>
                        </Refs>
                        <Amt Ccy="SEK">0</Amt>
                        <CdtDbtInd>CRDT</CdtDbtInd>
                        <RltdPties>
                            <Dbtr>
                                <Nm>Company Name</Nm>
                                <PstlAdr>
                                    <Ctry>NL</Ctry>
                                </PstlAdr>
                            </Dbtr>
                            <DbtrAcct>
                                <Id>
                                    <Othr>
                                        <Id>NL56AGDH9619008421</Id>
                                        <Issr>KBO-BCE</Issr>
                                    </Othr>
                                </Id>
                            </DbtrAcct>
                        </RltdPties>
                        <RmtInf>
                            <Strd>
                                <CdtrRefInf>
                                    <Tp>
                                        <CdOrPrtry>
                                            <Cd>SCOR</Cd>
                                        </CdOrPrtry>
                                        <Issr>BBA</Issr>
                                    </Tp>
                                    <Ref>4654654654654654</Ref>
                                </CdtrRefInf>
                            </Strd>
                        </RmtInf>
                    </TxDtls>
                </NtryDtls>
            </Ntry>
            <AddtlStmtInf>Additional Information</AddtlStmtInf>
        </Stmt>
    </BkToCstmrStmt>
</Document>
