<?xml version="1.0"    encoding="UTF-8"?>
<Document xmlns="urn:iso:std:iso:20022:tech:xsd:camt.053.001.03">
    <BkToCstmrStmt>
        <GrpHdr>
            <MsgId>CAMT053RIB000000000001</MsgId>
            <CreDtTm>2015-03-10T18:43:50+00:00</CreDtTm>
            <MsgRcpt>
                <Nm>COMPANY BVBA</Nm>
                <PstlAdr>
                    <StrtNm>12 Oxford Street</StrtNm>
                    <Ctry>UK</Ctry>
                </PstlAdr>
                <Id>
                    <OrgId>
                        <AnyBIC>DABAIE2D</AnyBIC>
                        <Othr>
                            <Id>Some other Id</Id>
                            <Issr>Some other Issuer</Issr>
                        </Othr>
                    </OrgId>
                </Id>
                <CtryOfRes>NL</CtryOfRes>
            </MsgRcpt>
            <AddtlInf>Group header additional information</AddtlInf>
        </GrpHdr>
        <Stmt>
            <Id>253EURNL26VAYB8060476890</Id>
            <ElctrncSeqNb>12312</ElctrncSeqNb>
            <LglSeqNb>12312</LglSeqNb>
            <CreDtTm>2015-03-10T18:43:50+00:00</CreDtTm>
            <FrToDt>
                <FrDtTm>2007-10-18T08:00:00+01:00</FrDtTm>
                <ToDtTm>2007-10-18T12:30:00+01:00</ToDtTm>
            </FrToDt>
            <CpyDplctInd>CODU</CpyDplctInd>
            <Acct>
                <Id>
                    <Othr>
                        <Id>NL26VAYB8060476890</Id>
                    </Othr>
                </Id>
                <Tp>
                    <Prtry>KBC-Business PRO-rekening</Prtry>
                </Tp>
                <Ccy>EUR</Ccy>
                <Ownr>
                    <Nm>COMPANY BVBA</Nm>
                    <Id>
                        <OrgId>
                            <Othr>
                                <Id>2545874515</Id>
                            </Othr>
                        </OrgId>
                    </Id>
                </Ownr>
                <Svcr>
                    <FinInstnId>
                        <BICFI>KREDBEBB</BICFI>
                    </FinInstnId>
                </Svcr>
            </Acct>
            <Bal>
                <Tp>
                    <CdOrPrtry>
                        <Cd>OPBD</Cd>
                    </CdOrPrtry>
                </Tp>
                <Amt Ccy="EUR">18.15</Amt>
                <CdtDbtInd>CRDT</CdtDbtInd>
                <Dt>
                    <Dt>2014-12-30</Dt>
                </Dt>
            </Bal>
            <Bal>
                <Tp>
                    <CdOrPrtry>
                        <Cd>CLBD</Cd>
                    </CdOrPrtry>
                </Tp>
                <Amt Ccy="SEK">27.00</Amt>
                <CdtDbtInd>DBIT</CdtDbtInd>
                <Dt>
                    <Dt>2014-12-31</Dt>
                </Dt>
            </Bal>
            <Ntry>
                <Amt Ccy="EUR">8.85</Amt>
                <CdtDbtInd>CRDT</CdtDbtInd>
                <Sts>BOOK</Sts>
                <BookgDt>
                    <Dt>2014-12-31</Dt>
                </BookgDt>
                <ValDt>
                    <Dt>2015-01-02</Dt>
                </ValDt>
                <AcctSvcrRef>XXXXXXXXXXXXXXXXXXXXXXEUR</AcctSvcrRef>
                <BkTxCd>
                    <Domn>
                        <Cd>PMNT</Cd>
                        <Fmly>
                            <Cd>RCDT</Cd>
                            <SubFmlyCd>DMCT</SubFmlyCd>
                        </Fmly>
                    </Domn>
                    <Prtry>
                        <Cd>025132131</Cd>
                        <Issr>BBA</Issr>
                    </Prtry>
                </BkTxCd>
                <NtryDtls>
                    <TxDtls>
                        <Refs>
                            <Prtry>
                                <Tp>LegalSequenceNumber</Tp>
                                <Ref>100</Ref>
                            </Prtry>
                        </Refs>
                        <Amt Ccy="EUR">105.750</Amt>
                        <CdtDbtInd>CRDT</CdtDbtInd>
                        <RltdPties>
                            <Dbtr>
                                <Nm>NAME NAME</Nm>
                                <PstlAdr>
                                    <Ctry>NL</Ctry>
                                    <AdrLine>ADDR ADDR 10</AdrLine>
                                    <AdrLine>2000 ANTWERPEN</AdrLine>
                                </PstlAdr>
                            </Dbtr>
                            <DbtrAcct>
                                <Id>
                                    <IBAN>NL56AGDH9619008421</IBAN>
                                </Id>
                            </DbtrAcct>
                            <Cdtr>
                                <Nm>Company Name</Nm>
                                <PstlAdr>
                                    <Ctry>NL</Ctry>
                                </PstlAdr>
                                <Id>
                                    <OrgId>
                                        <Othr>
                                            <Id>455454654</Id>
                                            <Issr>KBO-BCE</Issr>
                                        </Othr>
                                    </OrgId>
                                </Id>
                            </Cdtr>
                            <CdtrAcct>
                                <Id>
                                    <IBAN>NL56AGDH9619008421</IBAN>
                                </Id>
                                <Ccy>EUR</Ccy>
                            </CdtrAcct>
                        </RltdPties>
                        <RltdAgts>
                            <DbtrAgt>
                                <FinInstnId>
                                    <BICFI>KREDBEBB</BICFI>
                                </FinInstnId>
                            </DbtrAgt>
                            <CdtrAgt>
                                <FinInstnId>
                                    <BICFI>KREDBEBB</BICFI>
                                </FinInstnId>
                            </CdtrAgt>
                        </RltdAgts>
                        <RmtInf>
                            <Strd>
                                <CdtrRefInf>
                                    <Tp>
                                        <CdOrPrtry>
                                            <Cd>SCOR</Cd>
                                        </CdOrPrtry>
                                        <Issr>BBA</Issr>
                                    </Tp>
                                    <Ref>4654654654654654</Ref>
                                </CdtrRefInf>
                            </Strd>
                        </RmtInf>
                    </TxDtls>
                </NtryDtls>
            </Ntry>
            <AddtlStmtInf>Additional Information</AddtlStmtInf>
        </Stmt>
    </BkToCstmrStmt>
</Document>
