<?xml version="1.0" encoding="UTF-8"?>
<Document xmlns:xsi="http://www.w3.org/2001/XMLSchema-instance" xmlns="urn:iso:std:iso:20022:tech:xsd:camt.053.001.02">
    <BkToCstmrStmt>
        <GrpHdr>
            <MsgId>CAMT053RIB000000000001</MsgId>
            <CreDtTm>2015-03-10T18:43:50+00:00</CreDtTm>
        </GrpHdr>
        <Stmt>
            <Id>253EURNL26VAYB8060476890</Id>
            <CreDtTm>2015-03-10T18:43:50+00:00</CreDtTm>
            <Acct>
                <Id>
                    <IBAN>NL26VAYB8060476890</IBAN>
                </Id>
                <Ccy>EUR</Ccy>
            </Acct>
            <Bal>
                <Tp>
                    <CdOrPrtry>
                        <Cd>OPBD</Cd>
                    </CdOrPrtry>
                </Tp>
                <Amt Ccy="EUR">18.15</Amt>
                <CdtDbtInd>CRDT</CdtDbtInd>
                <Dt>
                    <Dt>2014-12-30</Dt>
                </Dt>
            </Bal>
            <Bal>
                <Tp>
                    <CdOrPrtry>
                        <Cd>CLBD</Cd>
                    </CdOrPrtry>
                </Tp>
                <Amt Ccy="EUR">27.00</Amt>
                <CdtDbtInd>CRDT</CdtDbtInd>
                <Dt>
                    <Dt>2014-12-31</Dt>
                </Dt>
            </Bal>
            <Ntry>
                <Amt Ccy="EUR">8.85</Amt>
                <CdtDbtInd>CRDT</CdtDbtInd>
                <RvslInd>false</RvslInd>
                <Sts>BOOK</Sts>
                <BookgDt>
                    <Dt>2014-12-31</Dt>
                </BookgDt>
                <ValDt>
                    <Dt>2015-01-02</Dt>
                </ValDt>
                <BkTxCd>
                    <Prtry>
                        <Cd>544</Cd>
                    </Prtry>
                </BkTxCd>
                <NtryDtls>
                    <TxDtls>
                        <Refs>
                            <EndToEndId>000000001</EndToEndId>
                        </Refs>
                        <BkTxCd>
                            <Prtry>
                                <Cd>544</Cd>
                            </Prtry>
                        </BkTxCd>
                        <RltdPties>
                            <Cdtr>
                                <Nm>Company Name 1</Nm>
                                <PstlAdr>
                                    <Ctry>NL</Ctry>
                                </PstlAdr>
                            </Cdtr>
                            <CdtrAcct>
                                <Id>
                                    <IBAN>NL56AGDH9619008421</IBAN>
                                </Id>
                            </CdtrAcct>
                        </RltdPties>
                        <RmtInf>
                            <Ustrd>Transaction Description 1</Ustrd>
                        </RmtInf>
                    </TxDtls>
                </NtryDtls>
            </Ntry>
        </Stmt>
        <Stmt>
            <Id>254EURNL26VAYB8060476890</Id>
            <CreDtTm>2015-03-10T18:43:50+00:00</CreDtTm>
            <Acct>
                <Id>
                    <IBAN>NL26VAYB8060476890</IBAN>
                </Id>
                <Ccy>EUR</Ccy>
            </Acct>
            <Bal>
                <Tp>
                    <CdOrPrtry>
                        <Cd>OPBD</Cd>
                    </CdOrPrtry>
                </Tp>
                <Amt Ccy="EUR">27.00</Amt>
                <CdtDbtInd>CRDT</CdtDbtInd>
                <Dt>
                    <Dt>2014-12-30</Dt>
                </Dt>
            </Bal>
            <Bal>
                <Tp>
                    <CdOrPrtry>
                        <Cd>CLBD</Cd>
                    </CdOrPrtry>
                </Tp>
                <Amt Ccy="EUR">20.00</Amt>
                <CdtDbtInd>CRDT</CdtDbtInd>
                <Dt>
                    <Dt>2014-12-31</Dt>
                </Dt>
            </Bal>
            <Ntry>
                <Amt Ccy="EUR">7.00</Amt>
                <CdtDbtInd>DBIT</CdtDbtInd>
                <RvslInd>false</RvslInd>
                <Sts>BOOK</Sts>
                <BookgDt>
                    <Dt>2014-12-31</Dt>
                </BookgDt>
                <ValDt>
                    <Dt>2015-01-02</Dt>
                </ValDt>
                <BkTxCd>
                    <Prtry>
                        <Cd>544</Cd>
                    </Prtry>
                </BkTxCd>
                <NtryDtls>
                    <TxDtls>
                        <Refs>
                            <EndToEndId>000000002</EndToEndId>
                        </Refs>
                        <BkTxCd>
                            <Prtry>
                                <Cd>544</Cd>
                            </Prtry>
                        </BkTxCd>
                        <RltdPties>
                            <Cdtr>
                                <Nm>Company Name 2</Nm>
                                <PstlAdr>
                                    <Ctry>FR</Ctry>
                                </PstlAdr>
                            </Cdtr>
                            <CdtrAcct>
                                <Id>
                                    <IBAN>NL56AGDH9619008421</IBAN>
                                </Id>
                            </CdtrAcct>
                        </RltdPties>
                        <RmtInf>
                            <Ustrd>Transaction Description 2</Ustrd>
                        </RmtInf>
                    </TxDtls>
                </NtryDtls>
            </Ntry>
        </Stmt>
    </BkToCstmrStmt>
</Document>
